@article{McKendricka2018AShort,
    title = {{A Deeper Look at the NASA TLX and Where It Falls Short}},
    year = {2018},
    journal = {https://doi.org/10.1177/1541931218621010},
    author = {McKendricka, Ryan D. and Cherry, Erin},
    month = {9},
    pages = {44--48},
    volume = {1},
    publisher = {SAGE PublicationsSage CA: Los Angeles, CA},
    url = {https://journals.sagepub.com/doi/abs/10.1177/1541931218621010},
    isbn = {9781510889538},
    doi = {10.1177/1541931218621010},
    issn = {10711813}
}

@article{Kosch2023AInteraction,
    title = {{A Survey on Measuring Cognitive Workload in Human-Computer Interaction}},
    year = {2023},
    journal = {ACM Computing Surveys},
    author = {Kosch, Thomas and Berlin, Hu and Jakob Karolus, Germany and Zagermann, Johannes and Reiterer, Harald and Schmidt, Albrecht and Wo{\'{z}}niak, Paweł W and Karolus, Jakob and Wo{\'{z}}, Paweł W and Zagermann, J and Reiterer, H},
    number = {13s},
    month = {7},
    volume = {55},
    publisher = {ACM, PUB27, New York, NY},
    url = {https://dl.acm.org/doi/10.1145/3582272},
    doi = {10.1145/3582272},
    issn = {15577341},
    keywords = {Cognitive workload, categorization, cognition-aware interfaces, physiological sensing, questionnaires, workload assessment, workload-aware computing}
}

@book{Humble2018Accelerate:Organizations,
    title = {{Accelerate: The science of lean software and devops: Building and scaling high performing technology organizations}},
    year = {2018},
    author = {Humble, Jez and Kim, Gene},
    publisher = {IT Revolution},
    isbn = {1942788355}
}

@article{Nguyen2022AnSuggestions,
    title = {{An Empirical Evaluation of GitHub Copilot's Code Suggestions}},
    year = {2022},
    journal = {Proceedings - 2022 Mining Software Repositories Conference, MSR 2022},
    author = {Nguyen, Nhan and Nadi, Sarah},
    pages = {1--5},
    publisher = {Institute of Electrical and Electronics Engineers Inc.},
    url = {https://dl.acm.org/doi/10.1145/3524842.3528470},
    isbn = {9781450393034},
    doi = {10.1145/3524842.3528470},
    keywords = {Codex, Empirical Evaluation, GitHub Copilot, Program Synthesis}
}

@article{Crk2016AssessingComprehension,
    title = {{Assessing the contribution of the individual alpha frequency (IAF) in an EEG-based study of program comprehension}},
    year = {2016},
    journal = {Proceedings of the Annual International Conference of the IEEE Engineering in Medicine and Biology Society, EMBS},
    author = {Crk, Igor and Kluthe, Timothy},
    month = {10},
    pages = {4601--4604},
    volume = {2016-October},
    publisher = {Institute of Electrical and Electronics Engineers Inc.},
    isbn = {9781457702204},
    doi = {10.1109/EMBC.2016.7591752},
    issn = {1557170X},
    pmid = {28269300}
}

@article{Johnson2014CoactiveDesign,
    title = {{Coactive design}},
    year = {2014},
    journal = {Journal of Human-Robot Interaction},
    author = {Johnson, Matthew and Bradshaw, Jeffrey M. and Feltovich, Paul J. and Jonker, Catholijn M. and Van Riemsdijk, M. Birna and Sierhuis, Maarten},
    number = {1},
    month = {2},
    pages = {43},
    volume = {3},
    publisher = {Journal of Human-Robot Interaction Steering Committee, PUB7775},
    url = {https://dl.acm.org/doi/10.5898/JHRI.3.1.Johnson},
    doi = {10.5898/JHRI.3.1.JOHNSON},
    keywords = {coactive design, collaboration, human-agent-robot teamwork, human-robot interaction, interdependence, joint activity, teamwork}
}

@book{Benjafield2010Cognition,
    title = {{Cognition}},
    year = {2010},
    author = {Benjafield, J G and Kingstone, A and Smilek, D},
    publisher = {Oxford University Press},
    url = {https://books.google.co.uk/books?id=_ksAPwAACAAJ},
    isbn = {9780195430325}
}

@incollection{Allan2013Cognitions,
    title = {{Cognitions}},
    year = {2013},
    booktitle = {Encyclopedia of Behavioral Medicine},
    author = {Allan, Julia},
    editor = {Gellman, Marc D and Turner, J Rick},
    pages = {441},
    publisher = {Springer New York},
    url = {https://doi.org/10.1007/978-1-4419-1005-9_1114},
    address = {New York, NY},
    isbn = {978-1-4419-1005-9},
    doi = {10.1007/978-1-4419-1005-9{\_}1114}
}

@incollection{Roy2013CognitiveFunction,
    title = {{Cognitive Function}},
    year = {2013},
    booktitle = {Encyclopedia of Behavioral Medicine},
    author = {Roy, Eric},
    editor = {Gellman, Marc D and Turner, J Rick},
    pages = {448--449},
    publisher = {Springer New York},
    url = {https://doi.org/10.1007/978-1-4419-1005-9_1117},
    address = {New York, NY},
    isbn = {978-1-4419-1005-9},
    doi = {10.1007/978-1-4419-1005-9{\_}1117}
}

@article{Louis2023CognitiveWorkload,
    title = {{Cognitive tasks and combined statistical methods to evaluate, model, and predict mental workload}},
    year = {2023},
    journal = {Frontiers in Psychology},
    author = {Louis, Lina Estelle Linelle and Moussaoui, Saïd and Van Langhenhove, Aurélien and Ravoux, Sébastien and Le Jan, Thomas and Roualdes, Vincent and Milleville-Pennel, Isabelle},
    month = {5},
    pages = {1122793},
    volume = {14},
    publisher = {Frontiers Media S.A.},
    doi = {10.3389/FPSYG.2023.1122793/BIBTEX},
    issn = {16641078},
    keywords = {K-means (KM) clustering, Linear Discriminant Analysis (LDA), NASA-TLX, cognitive tasks, mental workload (MWL), performances, permutation feature importance, workload profile}
}

@article{Paxion2014Complexite,
    title = {{Complexit{\'{e}} des situations, exp{\'{e}}rience, tension et vigilance : quels impacts sur la charge de travail et les performances de jeunes conducteurs ?}},
    year = {2014},
    author = {Paxion, Julie},
    month = {12},
    pages = {461 pages},
    publisher = {Aix-Marseille Universit{\'{e}}},
    url = {https://hal.science/tel-01214415 https://hal.science/tel-01214415/document},
    keywords = {CHARGE MENTALE, COMPLEXITE, CONDUCTEUR EXPERIMENTE, CONDUITE DU VEHICULE, DRIVING EXPERIENCE, DRIVING SIMULATION, EXPERIENCE (HOMME), NOUVEAU CONDUCTEUR, PSYCHOLOGIE, SIMULATEUR (CONDUITE), SIMULATEUR DE CONDUITE, SITUATIONS COMPLEXITY, SYSTEME COMPLEXE, TACHE, TENSION, VIGILANCE, VIGILANCE DU CONDUCTEUR, WORKLOAD}
}

@article{Hart1988DevelopmentResearch,
    title = {{Development of NASA-TLX (Task Load Index): Results of Empirical and Theoretical Research}},
    year = {1988},
    journal = {Advances in Psychology},
    author = {Hart, Sandra G. and Staveland, Lowell E.},
    number = {C},
    month = {1},
    pages = {139--183},
    volume = {52},
    publisher = {North-Holland},
    doi = {10.1016/S0166-4115(08)62386-9},
    issn = {0166-4115}
}

@article{Tsang1996DiagnosticityRatings,
    title = {{Diagnosticity and multidimensional subjective workload ratings}},
    year = {1996},
    journal = {Ergonomics},
    author = {Tsang, Pamela S. and Velazquez, Velma L.},
    number = {3},
    month = {3},
    pages = {358--381},
    volume = {39},
    publisher = {Taylor {\&} Francis Group},
    doi = {10.1080/00140139608964470},
    issn = {13665847},
    pmid = {8849491},
    keywords = {Diagnosticity, Multidimensional mental workload, Subjective assessment approaches, Subjective mental workload}
}

@article{Piantadosi2023DoDevelopers,
    title = {{Do attention and memory explain the performance of software developers?}},
    year = {2023},
    journal = {Empirical Software Engineering},
    author = {Piantadosi, Valentina and Scalabrino, Simone and Serebrenik, Alexander and Novielli, Nicole and Oliveto, Rocco},
    number = {5},
    month = {9},
    volume = {28},
    publisher = {Springer},
    doi = {10.1007/S10664-023-10316-9},
    issn = {15737616},
    keywords = {Coding task outcome prediction, Cognitive human factors, Empirical software engineering}
}

@misc{DORACommunity,
    title = {{DORA Community}},
    url = {https://dora.community/}
}

@article{Jatupaiboon2013EmotionBands,
    title = {{Emotion classification using minimal EEG channels and frequency bands}},
    year = {2013},
    journal = {Proceedings of the 2013 10th International Joint Conference on Computer Science and Software Engineering, JCSSE 2013},
    author = {Jatupaiboon, Noppadon and Pan-Ngum, Setha and Israsena, Pasin},
    pages = {21--24},
    isbn = {9781479908066},
    doi = {10.1109/JCSSE.2013.6567313},
    keywords = {electroencephalogram, emotion, human computer interaction, support vector machine}
}

@article{Rubio2004EvaluationMethods,
    title = {{Evaluation of Subjective Mental Workload: A Comparison of SWAT, NASA-TLX, and Workload Profile Methods}},
    year = {2004},
    journal = {Applied Psychology},
    author = {Rubio, Susana and D{\'{i}}az, Eva and Mart{\'{i}}n, Jesús and Puente, José M.},
    number = {1},
    month = {1},
    pages = {61--86},
    volume = {53},
    publisher = {John Wiley {\&} Sons, Ltd},
    url = {https://onlinelibrary.wiley.com/doi/full/10.1111/j.1464-0597.2004.00161.x https://onlinelibrary.wiley.com/doi/abs/10.1111/j.1464-0597.2004.00161.x https://iaap-journals.onlinelibrary.wiley.com/doi/10.1111/j.1464-0597.2004.00161.x},
    doi = {10.1111/J.1464-0597.2004.00161.X},
    issn = {1464-0597}
}

@article{Nguyen-Duc2023GenerativeAgenda,
    title = {{Generative Artificial Intelligence for Software Engineering -- A Research Agenda}},
    year = {2023},
    author = {Nguyen-Duc, Anh and Cabrero-Daniel, Beatriz and Przybylek, Adam and Arora, Chetan and Khanna, Dron and Herda, Tomas and Rafiq, Usman and Melegati, Jorge and Guerra, Eduardo and Kemell, Kai-Kristian and Saari, Mika and Zhang, Zheying and Le, Huy and Quan, Tho and Abrahamsson, Pekka},
    month = {10},
    url = {https://arxiv.org/abs/2310.18648v1},
    isbn = {2310.18648v1},
    arxivId = {2310.18648},
    keywords = {ChatGPT, CoPilot, Focus Group, GenAI, Generative Artificial Intelligence, Literature review, Literature survey, Research Agenda, Research Roadmap, Software Development, Software Engineering, Software Project, Structured review}
}

@article{Jiang2023Graphologue:Diagrams,
    title = {{Graphologue: Exploring Large Language Model Responses with Interactive Diagrams}},
    year = {2023},
    journal = {Proceedings of the 36th Annual ACM Symposium on User Interface Software and Technology},
    author = {Jiang, Peiling and Rayan, Jude and Dow, Steven P. and Xia, Haijun},
    month = {10},
    pages = {1--20},
    publisher = {ACM},
    url = {https://dl.acm.org/doi/10.1145/3586183.3606737},
    address = {New York, NY, USA},
    isbn = {9798400701320},
    doi = {10.1145/3586183.3606737}
}

@article{Hollnagel2003HandbookDesign,
    title = {{Handbook of cognitive task design}},
    year = {2003},
    author = {Hollnagel, Erik},
    pages = {808},
    publisher = {Lawrence Erlbaum Publishers},
    url = {https://www.google.co.uk/books/edition/Handbook_of_Cognitive_Task_Design/dElPH0ruR-sC?hl=en&gbpv=1&dq=Discovering+how+distributed+cognitive+systems+work.+Handbook+of+cognitive+task+design&pg=PA37&printsec=frontcover},
    isbn = {9781410607775}
}

@article{Longo2022HumanDefinition,
    title = {{Human Mental Workload: A Survey and a Novel Inclusive Definition}},
    year = {2022},
    journal = {Frontiers in Psychology},
    author = {Longo, Luca and Wickens, Christoper D. and Hancock, Peter A. and Hancock, Gabriela M.},
    month = {6},
    pages = {883321},
    volume = {13},
    publisher = {Frontiers Media S.A.},
    doi = {10.3389/FPSYG.2022.883321/BIBTEX},
    issn = {16641078},
    pmid = {35719509},
    keywords = {definitions, measures, mental workload, models, novel framework, novel inclusive definition, survey, theories}
}

@article{Carroll1997Human-computerDesign,
    title = {{Human-computer interaction: psychology as a science of design}},
    year = {1997},
    journal = {Annual review of psychology},
    author = {Carroll, John M.},
    pages = {61--83},
    volume = {48},
    publisher = {Annu Rev Psychol},
    url = {https://pubmed.ncbi.nlm.nih.gov/15012476/},
    doi = {10.1146/ANNUREV.PSYCH.48.1.61},
    issn = {0066-4308},
    pmid = {15012476},
    keywords = {J M Carroll, MEDLINE, NCBI, NIH, NLM, National Center for Biotechnology Information, National Institutes of Health, National Library of Medicine, PubMed Abstract, doi:10.1146/annurev.psych.48.1.61, pmid:15012476}
}

@article{Fritz2016LeveragingProductivity,
    title = {{Leveraging biometric data to boost software developer productivity}},
    year = {2016},
    journal = {2016 IEEE 23rd International Conference on Software Analysis, Evolution, and Reengineering, SANER 2016},
    author = {Fritz, Thomas and M{\"{u}}ller, Sebastian C.},
    month = {5},
    pages = {66--77},
    volume = {2016-January},
    publisher = {Institute of Electrical and Electronics Engineers Inc.},
    isbn = {9781509018550},
    doi = {10.1109/SANER.2016.107}
}

@article{Sewell2016MeasuringExemplar,
    title = {{Measuring cognitive load during procedural skills training with colonoscopy as an exemplar}},
    year = {2016},
    journal = {Medical Education},
    author = {Sewell, Justin L. and Boscardin, Christy K. and Young, John Q. and ten Cate, Olle and O'Sullivan, Patricia S.},
    number = {6},
    month = {6},
    pages = {682--692},
    volume = {50},
    publisher = {John Wiley {\&} Sons, Ltd},
    url = {https://onlinelibrary.wiley.com/doi/full/10.1111/medu.12965 https://onlinelibrary.wiley.com/doi/abs/10.1111/medu.12965 https://asmepublications.onlinelibrary.wiley.com/doi/10.1111/medu.12965},
    doi = {10.1111/MEDU.12965},
    issn = {1365-2923},
    pmid = {27170086}
}

@article{Goncales2019MeasuringStudy,
    title = {{Measuring the cognitive load of software developers: A systematic mapping study}},
    year = {2019},
    journal = {IEEE International Conference on Program Comprehension},
    author = {Goncales, Lucian and Farias, Kleinner and Da Silva, Bruno and Fessler, Jonathan},
    month = {5},
    pages = {42--52},
    volume = {2019-May},
    publisher = {IEEE Computer Society},
    isbn = {9781728115191},
    doi = {10.1109/ICPC.2019.00018},
    keywords = {Cognitive Load, Program Comprehension, Software Engineering, Systematic Mapping Study}
}

@article{Wickens2008MultipleWorkload,
    title = {{Multiple Resources and Mental Workload}},
    year = {2008},
    journal = {https://doi.org/10.1518/001872008X288394},
    author = {Wickens, Christopher D.},
    number = {3},
    month = {6},
    pages = {449--455},
    volume = {50},
    publisher = {SAGE PublicationsSage CA: Los Angeles, CA},
    url = {https://journals.sagepub.com/doi/10.1518/001872008X288394},
    doi = {10.1518/001872008X288394},
    issn = {00187208},
    pmid = {18689052}
}

@article{Wickens2008MultipleWorkloadb,
    title = {{Multiple resources and mental workload}},
    year = {2008},
    journal = {Human factors},
    author = {Wickens, Christopher D},
    number = {3},
    pages = {449--455},
    volume = {50},
    publisher = {SAGE Publications Sage CA: Los Angeles, CA},
    issn = {0018-7208}
}

@article{Nikulin2019NASA-TLXMethods,
    title = {{NASA-TLX for predictability and measurability of instructional design models: case study in design methods}},
    year = {2019},
    journal = {Educational Technology Research and Development},
    author = {Nikulin, Christopher and Lopez, Gabriela and Pi{\~{n}}onez, Eduardo and Gonzalez, Luis and Zapata, Pia},
    number = {2},
    month = {4},
    pages = {467--493},
    volume = {67},
    publisher = {Springer New York LLC},
    url = {https://link.springer.com/article/10.1007/s11423-019-09657-4},
    doi = {10.1007/S11423-019-09657-4/TABLES/4},
    issn = {15566501},
    keywords = {Design methods, Nasa-TLX, Product development}
}

@inproceedings{Minas2017NeurophysiologicalDevelopers,
    title = {{Neurophysiological impact of software design processes on software developers}},
    year = {2017},
    booktitle = {Augmented Cognition. Enhancing Cognition and Behavior in Complex Human Environments: 11th International Conference, AC 2017, Held as Part of HCI International 2017, Vancouver, BC, Canada, July 9-14, 2017, Proceedings, Part II 11},
    author = {Minas, Randall K and Kazman, Rick and Tempero, Ewan},
    pages = {56--64},
    publisher = {Springer},
    isbn = {3319586246}
}

@misc{ProblemsLeetCode,
    title = {{Problems - LeetCode}},
    url = {https://leetcode.com/problemset/}
}

@incollection{Wickens2020ProcessingAttention,
    title = {{Processing resources and attention}},
    year = {2020},
    booktitle = {Multiple task performance},
    author = {Wickens, Christopher D},
    pages = {3--34},
    publisher = {CRC Press}
}

@article{Wickens1984ProcessingAttention,
    title = {{Processing resources and attention, varieties of attention}},
    year = {1984},
    journal = {R. Parasuraman and D. Davis, Eds. Academic Press},
    author = {Wickens, C}
}

@article{Ziegler2022ProductivityCompletion,
    title = {{Productivity assessment of neural code completion}},
    year = {2022},
    author = {Ziegler, Albert and Kalliamvakou, Eirini and Li, X Alice and Rice, Andrew and Rifkin, Devon and Simister, Shawn and Sittampalam, Ganesh and Aftandilian, Edward and Aftandil, Edward},
    month = {6},
    pages = {21--29},
    publisher = {Association for Computing Machinery (ACM)},
    url = {https://dl.acm.org/doi/10.1145/3520312.3534864},
    isbn = {9781450392730},
    doi = {10.1145/3520312.3534864},
    arxivId = {2205.06537},
    keywords = {code completion, code synthesis, neural networks, productivity}
}

@article{Couceiro2019PupillographyOverload,
    title = {{Pupillography as Indicator of Programmers' Mental Effort and Cognitive Overload}},
    year = {2019},
    journal = {Proceedings - 49th Annual IEEE/IFIP International Conference on Dependable Systems and Networks, DSN 2019},
    author = {Couceiro, Ricardo and Duarte, Goncalo and Duraes, Joao and Castelhano, Joao and Duarte, Catarina and Teixeira, Cesar and Castelo Branco, Miguel and Carvalho, Paulo and Madeira, Henrique},
    month = {6},
    pages = {638--644},
    publisher = {Institute of Electrical and Electronics Engineers Inc.},
    isbn = {9781728100562},
    doi = {10.1109/DSN.2019.00069},
    keywords = {cognitive overload, human error, mental effort, programmers' biofeedback, pupillography, software faults}
}

@techreport{2023State2023,
    title = {{State of DevOps Report 2023}},
    year = {2023}
}

@article{Bird2022TakingCopilot,
    title = {{Taking Flight with Copilot}},
    year = {2022},
    journal = {Queue},
    author = {Bird, Christian and Ford, Denae and Zimmermann, Thomas and Forsgren, Nicole and Kalliamvakou, Eirini and Lowdermilk, Travis and Gazit, Idan},
    number = {6},
    month = {12},
    pages = {35--57},
    volume = {20},
    publisher = {ACM, PUB27, New York, NY, USA},
    url = {https://dl.acm.org/doi/10.1145/3582083},
    doi = {10.1145/3582083},
    issn = {15427749}
}

@article{Klein2004TenActivity,
    title = {{Ten challenges for making automation a "team player" in joint human-agent activity}},
    year = {2004},
    journal = {IEEE Intelligent Systems},
    author = {Klein, Gary and Woods, David D. and Bradshaw, Jeffrey M. and Hoffman, Robert R. and Feltovich, Paul J.},
    number = {6},
    month = {11},
    pages = {91--95},
    volume = {19},
    doi = {10.1109/MIS.2004.74},
    issn = {15411672}
}

@article{Hancock2020TheSystems,
    title = {{The Humanity of Humanless Systems}},
    year = {2020},
    journal = {Ergonomics in Design},
    author = {Hancock, Peter A.},
    number = {3},
    month = {7},
    pages = {4--6},
    volume = {28},
    publisher = {SAGE Publications Inc.},
    url = {https://journals.sagepub.com/doi/abs/10.1177/1064804619880047},
    doi = {10.1177/1064804619880047/ASSET/IMAGES/10.1177{\_}1064804619880047-IMG1.PNG},
    issn = {10648046},
    keywords = {artificial intelligence, autonomy, ergonomics, human factors design, machine learning}
}

@article{Forsgren2021TheProductivity,
    title = {{The SPACE of Developer Productivity}},
    year = {2021},
    journal = {Queue},
    author = {Forsgren, Nicole and Storey, Margaret Anne and Maddila, Chandra and Zimmermann, Thomas and Houck, Brian and Butler, Jenna},
    number = {1},
    month = {2},
    volume = {19},
    publisher = {ACM, PUB27, New York, NY, USA},
    url = {https://dl.acm.org/doi/10.1145/3454122.3454124},
    doi = {10.1145/3454122.3454124},
    issn = {15427749}
}

@article{Meyer2017TheProductivity,
    title = {{The Work Life of Developers: Activities, Switches and Perceived Productivity}},
    year = {2017},
    journal = {IEEE Transactions on Software Engineering},
    author = {Meyer, Andre N. and Barton, Laura E. and Murphy, Gail C. and Zimmermann, Thomas and Fritz, Thomas},
    number = {12},
    month = {1},
    pages = {1178--1193},
    volume = {43},
    publisher = {Institute of Electrical and Electronics Engineers (IEEE)},
    doi = {10.1109/TSE.2017.2656886},
    issn = {0098-5589}
}

@article{Kosti2018TowardsWorkload,
    title = {{Towards an affordable brain computer interface for the assessment of programmers’ mental workload}},
    year = {2018},
    journal = {International Journal of Human-Computer Studies},
    author = {Kosti, Makrina Viola and Georgiadis, Kostas and Adamos, Dimitrios A. and Laskaris, Nikos and Spinellis, Diomidis and Angelis, Lefteris},
    month = {7},
    pages = {52--66},
    volume = {115},
    publisher = {Academic Press},
    doi = {10.1016/J.IJHCS.2018.03.002},
    issn = {1071-5819},
    keywords = {Brainwaves, Human factor, Neural synchrony, Neuroergonomics, Software engineering, Wearable EEG}
}

@article{Crk2015UnderstandingExpertise,
    title = {{Understanding Programming Expertise}},
    year = {2015},
    journal = {ACM Transactions on Computer-Human Interaction (TOCHI)},
    author = {Crk, Igor and Kluthe, Timothy and Stefik, Andreas},
    number = {1},
    month = {12},
    volume = {23},
    publisher = {ACM PUB27 New York, NY, USA},
    url = {https://dl.acm.org/doi/10.1145/2829945},
    doi = {10.1145/2829945},
    issn = {15577325},
    keywords = {BCI, HCI, brain-computer interface, empirical studies, human factors, program comprehension}
}

@article{Fritz2014UsingDevelopment,
    title = {{Using psycho-physiological measures to assess task difficulty in software development}},
    year = {2014},
    journal = {Proceedings - International Conference on Software Engineering},
    author = {Fritz, Thomas and Begel, Andrew and M{\"{u}}ller, Sebastian C. and Yigit-Elliott, Serap and Z{\"{u}}ger, Manuela},
    number = {1},
    month = {5},
    pages = {402--413},
    publisher = {IEEE Computer Society},
    url = {https://dl.acm.org/doi/10.1145/2568225.2568266},
    doi = {10.1145/2568225.2568266},
    issn = {02705257},
    keywords = {psycho-physiological, study, task difficulty}
}

@article{Ayres2006UsingProblems,
    title = {{Using subjective measures to detect variations of intrinsic cognitive load within problems}},
    year = {2006},
    journal = {Learning and Instruction},
    author = {Ayres, Paul},
    number = {5},
    month = {10},
    pages = {389--400},
    volume = {16},
    publisher = {Pergamon},
    doi = {10.1016/J.LEARNINSTRUC.2006.09.001},
    issn = {0959-4752},
    keywords = {Cognitive load theory, Intrinsic cognitive load, Mathematical errors, Subjective measures}
}