%% This BibTeX bibliography file was created using BibDesk.
%% https://bibdesk.sourceforge.io/

%% Created for Graham Coulby at 2019-02-04 17:32:51 +0000 


%% Saved with string encoding Unicode (UTF-8) 



@book{latex1,
  title={The LATEX companion},
  author={Mittelbach, Frank and Goossens, Michel and Braams, Johannes and Carlisle, David and Rowley, Chris},
  year={2004},
  publisher={Addison-Wesley Professional}
}

@book{latex2,
  title={LATEX: a document preparation system: user's guide and reference manual},
  author={Lamport, Leslie},
  year={1994},
  publisher={Addison-wesley}
}

@misc{latex3, 
title={Why I write with LaTeX (and why you should too)}, 
url={https://medium.com/@marko_kovic/why-i-write-with-latex-and-why-you-should-too-ba6a764fadf9}, 
journal={medium.com}, 
publisher={Medium.com}, 
author={Kovic, Marko and Kovic, Marko}, 
year={2017}, 
month={Jun}}
